<record><leader>00000cas a22000007a 4500</leader><controlfield tag="001">20292082</controlfield><controlfield tag="008">890901d19661981mouwr ne      0    0eng d</controlfield><datafield ind1=" " ind2=" " tag="010"><subfield code="a">sn 89066969 </subfield></datafield><datafield ind1=" " ind2=" " tag="040"><subfield code="a">MQN</subfield><subfield code="b">eng</subfield><subfield code="c">MQN</subfield><subfield code="d">OCLCQ</subfield></datafield><datafield ind1=" " ind2=" " tag="042"><subfield code="a">msc</subfield></datafield><datafield ind1="0" ind2=" " tag="130"><subfield code="a">Tri-county news (Sullivan, Mo.)</subfield></datafield><datafield ind1="1" ind2="4" tag="245"><subfield code="a">The tri-county news.</subfield></datafield><datafield ind1=" " ind2=" " tag="260"><subfield code="a">Sullivan, Mo. :</subfield><subfield code="b">Moore Enterprises,</subfield><subfield code="c">1966-1981.</subfield></datafield><datafield ind1=" " ind2=" " tag="300"><subfield code="a">v.</subfield></datafield><datafield ind1=" " ind2=" " tag="310"><subfield code="a">Weekly</subfield></datafield><datafield ind1="0" ind2=" " tag="362"><subfield code="a">Vol. 71, no. 35 (Dec. 1, 1966)-v. 86, no. 13 (June 10, 1981).</subfield></datafield><datafield ind1=" " ind2=" " tag="500"><subfield code="a">Published with: Cuba times (Cuba, Mo.), Dec. 1, 1966-Aug. 29, 1968.</subfield></datafield><datafield ind1=" " ind2=" " tag="752"><subfield code="a">United States</subfield><subfield code="b">Missouri</subfield><subfield code="c">Franklin</subfield><subfield code="d">Sullivan.</subfield></datafield><datafield ind1="0" ind2="0" tag="780"><subfield code="t">Sullivan tri-county news (Sullivan, Mo. : 1951)</subfield><subfield code="w">(DLC)sn 89066968</subfield></datafield><datafield ind1="0" ind2="5" tag="780"><subfield code="t">Cuba times (Cuba, Mo.)</subfield><subfield code="w">(DLC)sn 89066970</subfield></datafield><datafield ind1="0" ind2="0" tag="785"><subfield code="t">News Sullivan tri-county</subfield><subfield code="w">(DLC)sn 89066974</subfield></datafield></record>